<record><leader>00000cas a2200000 a 4500</leader><controlfield tag="001">27059710</controlfield><controlfield tag="008">921203d18781886caudr ne      0    0eng c</controlfield><datafield ind1=" " ind2=" " tag="010"><subfield code="a">sn 92069017 </subfield></datafield><datafield ind1=" " ind2=" " tag="040"><subfield code="a">CUY</subfield><subfield code="b">eng</subfield><subfield code="c">CNK</subfield><subfield code="d">OCLCQ</subfield><subfield code="d">CNK</subfield><subfield code="d">OCLCQ</subfield><subfield code="d">OCLCF</subfield><subfield code="d">OCLCO</subfield></datafield><datafield ind1=" " ind2=" " tag="042"><subfield code="a">pcc</subfield></datafield><datafield ind1=" " ind2=" " tag="043"><subfield code="a">n-us-ca</subfield></datafield><datafield ind1="0" ind2="4" tag="245"><subfield code="a">The Oakland daily times.</subfield></datafield><datafield ind1="3" ind2="0" tag="246"><subfield code="a">Sunday times</subfield></datafield><datafield ind1=" " ind2=" " tag="260"><subfield code="a">Oakland, Calif. :</subfield><subfield code="b">J.A. Johnson</subfield></datafield><datafield ind1=" " ind2=" " tag="300"><subfield code="a">v.</subfield></datafield><datafield ind1=" " ind2=" " tag="310"><subfield code="a">Daily</subfield></datafield><datafield ind1="0" ind2=" " tag="362"><subfield code="a">Vol. 1, no. 1 (Jan. 8, 1878)-v. 15, no. 38 (Feb. 14, 1886).</subfield></datafield><datafield ind1=" " ind2=" " tag="500"><subfield code="a">On Sundays published as: Sunday times, Oct. 22, 1882-Feb. 14, 1886.</subfield></datafield><datafield ind1=" " ind2=" " tag="530"><subfield code="a">Master negatives are available for duplication from:</subfield><subfield code="b">California Newspaper Microfilm Archive;</subfield><subfield code="c">for further information consult the CNMA at:</subfield><subfield code="u">http://cbsr.ucr.edu</subfield></datafield><datafield ind1=" " ind2="0" tag="651"><subfield code="a">Oakland (Calif.)</subfield><subfield code="v">Newspapers.</subfield></datafield><datafield ind1=" " ind2="7" tag="655"><subfield code="a">Newspapers.</subfield><subfield code="2">fast</subfield><subfield code="0">(OCoLC)fst01423814</subfield></datafield><datafield ind1=" " ind2="7" tag="651"><subfield code="a">California</subfield><subfield code="z">Oakland.</subfield><subfield code="2">fast</subfield><subfield code="0">(OCoLC)fst01206605</subfield></datafield><datafield ind1=" " ind2=" " tag="752"><subfield code="a">United States</subfield><subfield code="b">California</subfield><subfield code="c">Alameda</subfield><subfield code="d">Oakland.</subfield></datafield><datafield ind1="0" ind2=" " tag="775"><subfield code="t">Oakland weekly transcript</subfield><subfield code="w">(DLC)sn 92069019</subfield></datafield><datafield ind1="0" ind2=" " tag="775"><subfield code="t">Oakland weekly times</subfield><subfield code="w">(DLC)sn 92069020</subfield></datafield><datafield ind1="0" ind2="0" tag="780"><subfield code="t">Oakland daily transcript</subfield><subfield code="w">(DLC)sn 85025019</subfield></datafield><datafield ind1="0" ind2="0" tag="785"><subfield code="t">Morning times (Oakland, Calif.)</subfield><subfield code="w">(DLC)sn 85066466</subfield></datafield></record>